<?xml version="1.0" encoding="UTF-8"?><collection xmlns="http://www.loc.gov/MARC21/slim"><record><leader>00518nam--2200133-i-4500</leader><controlfield tag="001">000045953</controlfield><controlfield tag="002">20161230</controlfield><controlfield tag="005">20161230201045</controlfield><controlfield tag="008">060222s1000------------r-----000-0-eng-d</controlfield><datafield ind1=" " ind2=" " tag="100"><subfield code="a">Valot-degueurce, Marie-odile</subfield></datafield><datafield ind1=" " ind2=" " tag="245"><subfield code="a">Sur certaines proprietes de coherence des faisceaux laser</subfield></datafield><datafield ind1=" " ind2=" " tag="260"><subfield code="a">Evaluation Des Parameters Energetiques Et Spectraux A Partir De Phenomenes Quasi-stationnaires. These</subfield></datafield><datafield ind1=" " ind2=" " tag="490"><subfield code="a">Besancon, Faculte Des Sciences Et Techniques De L`Univ.De Besancon, 1972, 97p.+fig</subfield></datafield><datafield ind1=" " ind2=" " tag="852"><subfield code="a">621.375.826(043)</subfield></datafield></record></collection>